2200 3819
183 305 466 382 nunquam
492 281 741 366 credo.
904 273 1041 353 Sed
1071 284 1300 375 quum
1337 269 1491 347 haec
1515 281 1684 345 vota
1724 270 1802 342 in

181 405 374 459 vanum
396 384 642 459 cadant
674 438 695 466 ,
757 402 957 455 nunc
995 374 1398 453 annotanda
1424 372 1650 455 duxi,
1717 383 1800 444 ut

176 498 381 579 pateret
406 509 519 558 me
549 485 706 582 pati
737 479 933 555 nolle
962 535 982 564 ,
1050 490 1136 554 ut
1174 471 1801 550 inveterascentem
1839 489 1843 495 ·

171 585 270 677 jam
305 583 623 660 dostrinae
656 573 1053 659 Feithianae‘
1073 576 1365 653 laudem
1406 574 1637 671 aliqua
1675 594 1800 644 ne·

170 682 455 780 gligentiae
503 684 781 759 invidia
824 680 1100 777 frangat
1155 690 1278 753 aut
1329 675 1793 751 comminuat.

171 780 229 857 Et
249 785 345 860 ista
379 785 741 862 haeremus,

380 963 731 1051 czariffimo
775 957 1264 1052 Doctiffimoque
1311 952 1462 1050 Viro
1480 964 1549 1039 ,-

234 1056 843 1163 ,OANNI
979 1052 1687 1160 COCCIO,

246 1180 688 1254 umaniorum
773 1169 1164 1244 litterarum
1232 1170 1308 1241 in
1377 1168 1761 1245 Academia

510 1272 756 1373 Lugd.
803 1268 948 1348 Bat.
1002 1264 1394 1345 Profeffori.
1513 1308 1518 1314 ·

342 1412 639 1492 Ham.
702 1410 1252 1500 mmmm,
1322 1409 1390 1487 S.
1438 1409 1537 1488 D.

163 1533 812 1893 MAJorum
902 1581 1348 1660 nostrorum·
1401 1574 1746 1656 memoria
1775 1636 1797 1666 ‚

557 1706 734 1757 cum
799 1682 957 1780 post
994 1680 1437 1758 'diuturnum
1505 1679 1804 1758 exilium

558 1781 828 1861 Graecae
872 1782 1120 1859 litterae
1167 1785 1243 1857 in
1293 1780 1564 1858 Italiam
1602 1835 1622 1864 ‚
1699 1795 1802 1867 at·-

558 1907 708 1983 que
746 1881 912 1959 inde
959 1886 1034 1958 in
1080 1897 1405 1960 caeteram
1442 1878 1805 1980 Europam
1851 1894 1854 1901 '

165 1974 323 2056 effent
358 1986 649 2062 reversae
666 2041 688 2070 ,
744 1983 922 2059 nihil
959 1987 1155 2084 prius
1188 1983 1499 2060 habuere
1546 1981 1805 2059 doffis·

162 2074 268 2155 fimi
306 2087 572 2184 quique
604 2142 624 2172 ‚
698 2109 915 2186 quam
957 2087 1213 2161 veteris
1263 2084 1551 2163 Graeciae
1610 2083 1809 2160 Geo-

160 2182 468 2280 g1aphiam
491 2241 513 2271 ‚
570 2186 794 2272 sacra,
844 2210 952 2261 res
991 2185 1316 2286 politicas
1357 2187 1430 2260 &
1471 2181 1809 2272 militares

162 2287 535 2393 §vetustatis
588 2287 896 2364 tenebris
947 2312 1238 2363 eruere:
1297 2288 1821 2385 egregiamque·

160 2397 295 2458 mter
332 2388 575 2485 plures
615 2412 913 2487 operam
944 2389 1318 2488 praestitere
1359 2387 1800 2484 Sophianus,

162 2480 483 2566 Gerbelius
510 2546 531 2576 ‚
598 2487 934 2586 Sigonius
954 2545 976 2576 ‚
1032 2487 1363 2586 Cragius,
1414 2485 1803 2573 Memfim,

161 2576 463 2678 hunius,
522 2590 956 2689 Sopingius,
1007 2588 1612 2687 Laurenbergius‚
1663 2585 1817 2665 Pal-

161 2692 407 2779 merius,
454 2694 791 2793 beneque
821 2689 966 2767 hoc
992 2690 1236 2767 labore
1275 2691 1366 2766 de
1376 2755 1387 2796 ί
1410 2691 1818 2789 posteritate

165 2794 352 2868 meriti
400 2794 623 2873 fuere.
826 2790 1144 2870 Perrexit
1196 2790 1445 2867 eadem
1489 2795 1601 2869 via
1654 2791 1815 2878 hic,

167 2909 339 2985 quem
380 2898 453 2972 in
494 2894 742 2970 lucem
794 2893 1070 2970 edimus
1100 2949 1121 2978 ‚
1195 2889 1633 2970 Everhardus
1667 2891 1821 2970 Fei-

167 2987 330 3069 thius,
428 2998 589 3093 Qi
628 3008 836 3072 natus
877 2993 1221 3093 superiori
1257 2992 1496 3072 seculo
1524 2991 1820 3093 Elburgi

172 3088 537 3204 patmum,
599 3095 896 3172 honesta
943 3095 1241 3183 familia,
1304 3121 1462 3195 quae
1500 3094 1818 3174 summos

173 3213 223 3267 m
258 3205 452 3294 patria
503 3195 709 3300 geffit
732 3252 754 3283 ‚
824 3199 1182 3295 etiamque
1224 3222 1419 3273 nunc
1462 3202 1647 3296 gerit
1687 3199 1820 3274 ho-

175 3314 331 3374 nores
354 3357 374 3388 ,
437 3303 823 3406 postquam
880 3296 1158 3400 aliquot
1213 3322 1437 3378 annos
1488 3298 1808 3377 Philoso-

1521 3449 1530 3455 ι
1581 3402 1807 3500 phiae,
