2200 3819
145 310 419 385 incuria
437 306 831 407 perierunt.
938 300 1202 403 Ingens
1219 292 1360 379 'viri
1388 304 1697 381 eruditio
1730 290 1854 405 apa

202 423 340 484 aret
372 413 786 484 etiamnunc
820 430 913 482 ex
955 407 1372 505 fragmentis
1402 464 1422 492 ,
1479 409 1555 481 in
1591 406 1851 506 quibus
1921 460 1928 473 .

135 434 581 608 {lesychium
611 565 632 594 ‚
729 507 1022 584 Suidam
1063 564 1083 593 ‚
1151 505 1364 592 alim,
1427 506 1500 583 &
1525 521 1862 583 veterum·

146 608 522 687 Poetarum
581 608 1005 699 Graecorum
1059 606 1474 685 Scholiastas
1521 607 1844 694 illustrat,

142 712 676 810 integritatique
724 710 1044 785 restituit.
1165 706 1633 799 Inchoaverat
1667 712 1856 787 intez

133 826 381 888 caetera
426 868 448 899 ‚
501 808 620 885 vel
647 814 889 909 potius
934 808 1261 886 ultimam
1287 832 1581 886 manum
1612 813 1848 910 impo-

131 910 331 989 suiffe
400 910 688 1005 videtur
745 908 1273 1010 Antiquitatum
1311 910 1851 991 Atheniensium

130 1012 331 1090 libr&
395 1013 565 1091 octo
598 1036 615 1086 ε
706 1034 1022 1115 quorum
1064 1013 1370 1110 primus·
1405 1009 1849 1091 Athenarum

142 1112 697 1216 dehiptionem
737 1116 1117 1191 continens
1163 1168 1184 1197 ‚
1265 1113 1490 1189 nitide
1547 1114 1849 1191 auctoris

90 1290 97 1295 ,
140 1238 345 1292 manu
395 1214 793 1313 descriptus
831 1213 919 1289 ad
961 1237 1095 1288 nos
1141 1218 1505 1310 pervenit3
1552 1213 1854 1316 spesque

139 1319 339 1393 etiam
390 1315 729 1416 superest·
758 1315 1072 1416 reliquos
1103 1337 1254 1388 non
1275 1318 1582 1393 omnino
1618 1316 1857 1419 periis-

137 1415 224 1493 se.
319 1417 607 1497 Damus
636 1418 904 1491 interea
934 1473 954 1501 ‚
1029 1429 1112 1493 ut
1141 1415 1382 1492 auctor
1428 1442 1551 1493 eos
1606 1418 1848 1495 inscri-

135 1517 262 1618 pfit
290 1577 311 1606 ‚
410 1518 943 1616 Antiquitatum
1016 1515 1576 1595 Homericarum·
1627 1520 1848 1596 libros

136 1636 491 1719 quatuor.-
620 1616 921 1716 Elegans
961 1617 1119 1693 sane
1153 1624 1658 1715 argumentum
1695 1680 1716 1709 ‚
1774 1625 1850 1707 ὃς

76 1742 86 1750 ·
136 1721 332 1820 quod
411 1718 897 1796 dofflffimum
955 1743 1320 1819 quemque
1385 1723 1847 1823 antiquorum

139 1825 491 1914 exercuit:
546 1819 667 1895 sed
696 1820 899 1921 quod
931 1818 1328 1896 dolendum
1353 1876 1373 1906 ‚
1418 1844 1850 1901 monumen-
1891 1854 1896 1857 ·

138 1937 203 2000 ta
243 1950 326 2001 ea
371 1924 768 2024 posteritati
814 1923 1067 2006 invidit
1116 1935 1532 2020 temporum
1574 1927 1858 2023 injuria.³

135 2021 444 2102 Hermiae
484 2080 505 2110 ‚
562 2022 1060 2124 Stratoclisque
1098 2079 1118 2108 ‚
1188 2025 1313 2121 qui
1342 2023 1430 2100 de
1459 2023 1848 2105 Homerica

135 2150 501 2204 armorum
552 2129 901 2226 regnique
956 2122 1323 2223 disciplina
1383 2134 1854 2206 commentati

134 2226 326 2304 fuere
365 2284 386 2313 ‚
437 2225 676 2302 solum
721 2241 968 2302 extant
1006 2227 1318 2302 nomina.
1426 2226 1662 2329 Atque
1695 2230 1851 2308 haec

134 2326 578 2425 potiffimum
625 2327 823 2403 causa
850 2327 986 2404 fuit
1023 2384 1043 2413 ,
1128 2323 1285 2426 qu'ae
1312 2340 1420 2415 te,
1478 2328 1702 2409 Cocci
1738 2335 1850 2408 vir

138 2426 521 2507 Clariffime
539 2485 559 2515 ‚
594 2428 891 2528 aliisque
923 2427 1370 2505 hortantibus
1397 2429 1634 2516 (inter
1662 2457 1845 2532 quos
1881 2443 1894 2459 ⁸

132 2530 316 2607 colle
375 2555 415 2604 a
457 2544 622 2605 tuus
650 2586 671 2616 ,
734 2530 1074 2629 meusque
1104 2586 1126 2615 ,
1218 2530 1396 2606 dum
1436 2531 1576 2609 fata
1619 2531 1848 2612 Deus-

136 2654 269 2731 que
332 2632 630 2705 mebant
657 2687 679 2717 ,
754 2628 1001 2708 Affinis
1042 2628 1105 2730 J.
1142 2627 1345 2706 Fred.
1378 2631 1866 2732 Gronovius)-

134 2730 325 2808 hunc
369 2731 639 2807 librum
670 2734 745 2806 in
775 2731 1015 2808 lucem
1044 2729 1290 2806 emifit.
1410 2737 1838 2829 Accedebat,

142 2834 333 2931 quod
388 2833 709 2934 hominis
768 2833 947 2908 mihi
997 2847 1147 2908 tam
1198 2837 1589 2939 propinqui
1642 2838 1842 2924 (avo

147 2955 304 3009 meo
337 2949 670 3010 materno
705 2933 920 3010 frater
947 2934 1133 3028 fuit)
1187 2933 1464 3012 labores
1506 2941 1735 3038 perire
1760 2938 1861 3018 fi-⁴

141 3056 307 3109 nere
331 3090 352 3120 ‚
444 3035 539 3109 de
606 3034 743 3109 suis
792 3034 979 3111 male
1023 3040 1393 3122 „merentis
1459 3039 1837 3121 videretur.

137 3130 381 3212 Tuum
423 3138 667 3234 itaque
701 3137 801 3210 est
831 3193 851 3223 ‚
929 3136 1126 3211 hunc
1150 3137 1414 3213 foetum
1445 3146 1858 3238 patrocinio·

134 3239 336 3321 tueri,
360 3237 564 3332 cujus
595 3260 761 3314 cura
773 3236 1020 3337 prodit
1046 3237 1192 3312 dias
1217 3241 1293 3313 in
1321 3238 1608 3315 luminis
1626 3265 1861 3322 auras·¹

129 3330 404 3420 Interea
441 3336 764 3417 sedulam
806 3361 1106 3442 operam
1133 3339 1445 3427 navabo,
1491 3356 1577 3418 ut
1607 3343 1853 3419 conse-

173 3469 179 3482 ·
1669 3466 1848 3539 quar
